
@inproceedings{digitaltwin,
  author = {Borodulin, Kirill and Radchenko, Gleb and Shestakov, Aleksandr and Sokolinsky, Leonid and Tchernykh, Andrey and Prodan, Radu},
  title = {Towards Digital Twins Cloud Platform: Microservices and Computational Workflows to Rule a Smart Factory},
  booktitle = {Proceedings of the10th International Conference on Utility and Cloud Computing},
  series = {UCC '17},
  year = {2017},
  isbn = {978-1-4503-5149-2},
  location = {Austin, Texas, USA},
  pages = {209--210},
  numpages = {2},
  acmid = {3149234},
  publisher = {ACM},
  address = {New York, NY, USA}
}

@inproceedings{DIaas,
  Author = {B. {Liu} and X. L. {Yu} and S. {Chen} and X. {Xu} and L. {Zhu}},
  title = {Blockchain based Data Integrity Service Framework for IoT data},
  booktitle = {IEEE 24th International Conference on Web Services},
  year = {2017},
  pages = {3--17},
  numpages = {15},
  publisher = {Springer},
  address = {Berlin, DE}
}

@article{MARSA,
author = {Cao, Tien-Dung and Pham, Tran Vu and Vu, Quang-Hieu and Truong, Hong-Linh and Le Duc, Hung and Dustdar, Schahram},
year = {2016},
month = {05},
pages = {1-21},
title = {MARSA: A marketplace for realtime human sensing data},
volume = {16},
journal = {ACM Transactions on Internet Technology},
doi = {10.1145/2883611}
}

@article{BigData,
       author = {{Ward}, Jonathan Stuart and {Barker}, Adam},
        title = "{Undefined By Data: A Survey of Big Data Definitions}",
      journal = {arXiv e-prints},
     keywords = {Computer Science - Databases},
         year = 2013,
        month = sep,
          eid = {arXiv:1309.5821},
        pages = {arXiv:1309.5821},
archivePrefix = {arXiv},
       eprint = {1309.5821},
 primaryClass = {cs.DB},
       adsurl = {https://ui.adsabs.harvard.edu/abs/2013arXiv1309.5821W},
      adsnote = {Provided by the SAO/NASA Astrophysics Data System}
}

@article{BigDataMarket,  
  author={F. {Liang} and W. {Yu} and D. {An} and Q. {Yang} and X. {Fu} and W. {Zhao}},
  journal={IEEE Access},
  title={A Survey on Big Data Market: Pricing, Trading and Protection},
  year={2018},
  volume={6},
  number={},
  pages={15132-15154}
}


@inproceedings{trinity,
author={G. S. {Ramachandran} and K. {Wright} and L. {Zheng} and P. {Navaney} and M. {Naveed} and B. {Krishnamachari} and J. {Dhaliwal}},
booktitle={2019 IEEE International Conference on Blockchain and Cryptocurrency (ICBC)},
title={Trinity: A Byzantine Fault-Tolerant Distributed Publish-Subscribe System with Immutable Blockchain-based Persistence},
year={2019},
volume={},
number={},
pages={227-235},
keywords={cryptography;distributed databases;fault tolerant computing;Internet of Things;message passing;middleware;protocols;software fault tolerance;Trinity;immutable blockchain-based persistence;data exchange;contemporary IoT;centralized architecture;Byzantine fault-tolerance;blockchain-based immutability;immutable ledger;blockchain technology;supply chain monitoring;publish-subscribe messaging model;Internet of Things;distributed publish-subscribe system;IoT;Broker;Blockchain;Supply Chain Monitoring;Multi-stakeholder;Ledger;Smart Contract},
doi={10.1109/BLOC.2019.8751388},
ISSN={null},
month={May},}

@article{SPS,
author={Y. {Zhao} and Y. {Li} and Q. {Mu} and B. {Yang} and Y. {Yu}},
journal={IEEE Access},
title={Secure Pub-Sub: Blockchain-Based Fair Payment With Reputation for Reliable Cyber Physical Systems},
year={2018},
volume={6},
number={},
pages={12295-12303},
keywords={computer network security;cryptographic protocols;data privacy;middleware;reliable cyber physical systems;CPS;large-scale distributed integration environment;sensor devices;network middle wares;secure pub-sub;SPS;middle ware;fair payment;publisher;subscriber;confidentiality;payment fairness;blockchain technique;secure data distribution services;co-operant entities;Bitcoin;Reliability;Protocols;Contracts;Encryption;Blockchain;fairness;reputation;anonymity;publish/subscribe;cyber physical systems},
doi={10.1109/ACCESS.2018.2799205},
ISSN={2169-3536},
month={},}

@article{MindMyValue,
       author = {{Missier}, Paolo and {Bajoudah}, Shaimaa and {Capossele}, Angelo and
         {Gaglione}, Andrea and {Nati}, Michele},
        title = "{Mind My Value: a decentralized infrastructure for fair and trusted IoT data trading}",
      journal = {arXiv e-prints},
     keywords = {Computer Science - Distributed, Parallel, and Cluster Computing, Computer Science - Computers and Society},
         year = 2018,
        month = jul,
          eid = {arXiv:1807.02846},
        pages = {arXiv:1807.02846},
archivePrefix = {arXiv},
       eprint = {1807.02846},
 primaryClass = {cs.DC},
       adsurl = {https://ui.adsabs.harvard.edu/abs/2018arXiv180702846M},
      adsnote = {Provided by the SAO/NASA Astrophysics Data System}
}

@electronic{MAM,
  title = "{Masked Authenticated Messaging}",
  url= "https://blog.iota.org/introducing-masked-authenticated-messaging-e55c1822d50e",
  urldate = {2017-11-05},
  note = {visited on 2020-07-16},
}

@electronic{IOTAIdustryMarketplace,
  title = "{IOTA Industry Marketplace}",
  url="https://industry.iota.org/",
  note = {visited on 2020-07-16},
}

@inproceedings{DDMSmartCities,
  author={S. {Musso} and G. {Perboli} and M. {Rosano} and A. {Manfredi}},
  booktitle={2019 IEEE 28th International Conference on Enabling Technologies: Infrastructure for Collaborative Enterprises (WETICE)},
  title={A Decentralized Marketplace for M2M Economy for Smart Cities},
  year={2019},
  volume={},
  number={},
  pages={27-30}
}

@article{MSS,
  title={Merkle signature schemes, merkle trees and their cryptanalysis},
  author={Becker, Georg},
  journal={Ruhr-University Bochum, Tech. Rep},
  year={2008},
}

@electronic{TA,
  title = {Tangle-accelerator},
  url= "https://github.com/DLTcollab/tangle-accelerator",
  note = {visited on 2020-07-16},
}

@electronic{TangleID,
  title = "{TangleID}",
  url="https://tangleid.github.io",
  note = {visited on 2020-07-16},
}

@article{IPFS,
       author = {{Benet}, Juan},
        title = "{IPFS - Content Addressed, Versioned, P2P File System}",
      journal = {arXiv e-prints},
     keywords = {Computer Science - Networking and Internet Architecture, Computer Science - Distributed, Parallel, and Cluster Computing},
         year = 2014,
        month = jul,
          eid = {arXiv:1407.3561},
        pages = {arXiv:1407.3561},
archivePrefix = {arXiv},
       eprint = {1407.3561},
 primaryClass = {cs.NI},
       adsurl = {https://ui.adsabs.harvard.edu/abs/2014arXiv1407.3561B},
      adsnote = {Provided by the SAO/NASA Astrophysics Data System}
}

@inproceedings{NTRU,
  title={NTRU: A ring-based public key cryptosystem},
  author={Hoffstein, Jeffrey and Pipher, Jill and Silverman, Joseph H},
  booktitle={International Algorithmic Number Theory Symposium},
  pages={267--288},
  year={1998},
  organization={Springer}
}

@electronic{AES-NI-Acceleration,
  author = {Intel},
  title = "{Intel AES-NI Performance Testing on Linux*/Java* Stack}",
  url= {https://software.intel.com/content/www/us/en/develop/articles/{\par}intel-aes-ni-performance-testing-on-linuxjava-stack.html},
  urldate = {2012-06-01},
  note = {visited on 2020-07-16},
}

@electronic{stm,
  author = {STMicroelectronics},
  title = "{UM1924 User manual STM32 crypto library}",
  url= "https://www.st.com/resource/en/user{\_}manual/dm00215061-stm32-crypto-library-stmicroelectronics.pdf",
  urldate = {2020-01-15},
  note = {visited on 2020-07-16},
}

@article{hmac_time_complexity,
author = {Rachmawati, Dian and Tarigan, Jos and Ginting, A},
year = {2018},
month = {03},
pages = {012116},
title = "{A comparative study of Message Digest 5(MD5) and SHA256 algorithm}",
volume = {978},
journal = {Journal of Physics: Conference Series},
doi = {10.1088/1742-6596/978/1/012116}
}

@electronic{ethereumChart,
  title = {Etherscan: Ethereum Average Gas Price Chart},
  url= "https://etherscan.io/chart/gasprice",
  note = {visited on 2020-07-08},
}

@inproceedings{Snark,
  author = {Bitansky, Nir and Canetti, Ran and Chiesa, Alessandro and Tromer, Eran},
  title = {From Extractable Collision Resistance to Succinct Non-interactive Arguments of Knowledge, and Back Again},
  booktitle = {Proceedings of the 3rd Innovations in Theoretical Computer Science Conference},
  series = {ITCS '12},
  year = {2012},
  isbn = {978-1-4503-1115-1},
  location = {Cambridge, Massachusetts},
  pages = {326--349},
  numpages = {24},
  url = {http://doi.acm.org/10.1145/2090236.2090263},
  doi = {10.1145/2090236.2090263},
  acmid = {2090263},
  publisher = {ACM},
  address = {New York, NY, USA},
}